<?xml version="1.0" encoding="utf-8"?>
<record xmlns="http://www.loc.gov/MARC21/slim" xmlns:xsi="http://www.w3.org/2001/XMLSchema-instance" xsi:schemaLocation="http://www.loc.gov/MARC21/slim http://www.loc.gov/standards/marcxml/schema/MARC21slim.xsd">
	<leader>     nam a22        4500</leader>
	<controlfield tag="001">5082236</controlfield>
	<controlfield tag="003">NIC</controlfield>
	<controlfield tag="006">m        d        </controlfield>
	<controlfield tag="007">cr cn |||m|||a</controlfield>
	<controlfield tag="008">150505s2000    ua      ob    000 p ara d</controlfield>
	<datafield ind1=" " ind2=" " tag="020">
		<subfield code="z">9775250676</subfield>
	</datafield>
	<datafield ind1=" " ind2=" " tag="020">
		<subfield code="z">9789775250674</subfield>
	</datafield>
	<datafield ind1=" " ind2=" " tag="040">
		<subfield code="a">NNU</subfield>
		<subfield code="b">eng</subfield>
		<subfield code="e">rda</subfield>
		<subfield code="c">NNU</subfield>
	</datafield>
	<datafield ind1="0" ind2=" " tag="041">
		<subfield code="a">ara</subfield>
		<subfield code="b">eng</subfield>
	</datafield>
	<datafield ind1=" " ind2="4" tag="050">
		<subfield code="a">PJ7643</subfield>
		<subfield code="b">.A1 2000</subfield>
	</datafield>
	<datafield ind1="0" ind2=" " tag="100">
		<subfield code="6">880-01</subfield>
		<subfield code="a">Mufaḍḍal ibn Muḥammad al-Ḍabbī,</subfield>
		<subfield code="d">active 8th century.</subfield>
	</datafield>
	<datafield ind1="1" ind2="0" tag="240">
		<subfield code="6">880-02</subfield>
		<subfield code="a">Mufaḍḍalīyāt</subfield>
	</datafield>
	<datafield ind1="1" ind2="0" tag="245">
		<subfield code="6">880-03</subfield>
		<subfield code="a">Dīwān al-Mufaḍḍalīyāt :</subfield>
		<subfield code="b">wa-hiya nukhbah min qaṣāʼid al-shuʻarāʼ al-muqallīn fī al-Jāhilīyah wa-awāʼil al-Islām /</subfield>
		<subfield code="c">ikhtārahā Abū al-ʻAbbās al-Mufaḍḍal ibn Muḥammad al-Dabbī. Maʻa sharḥ wāfir / li-Abī Muḥammad al-Qāsim ibn Muḥammad ibn Bashshār al-Anbārī.</subfield>
	</datafield>
	<datafield ind1="1" ind2="5" tag="246">
		<subfield code="a">Mufaddalīyāt, an anthology of ancient Arabian odes</subfield>
	</datafield>
	<datafield ind1=" " ind2=" " tag="250">
		<subfield code="6">880-04</subfield>
		<subfield code="a">al-Ṭabʻah 1.</subfield>
	</datafield>
	<datafield ind1=" " ind2=" " tag="260">
		<subfield code="6">880-05</subfield>
		<subfield code="a">al-Ẓāhir [Cairo] :</subfield>
		<subfield code="b">Maktabat al-Thaqāfah al-Dīnīyah,</subfield>
		<subfield code="c">2000.</subfield>
	</datafield>
	<datafield ind1=" " ind2=" " tag="300">
		<subfield code="a">online resource (892, xxxviii pages)</subfield>
	</datafield>
	<datafield ind1=" " ind2=" " tag="336">
		<subfield code="a">text</subfield>
		<subfield code="2">rdacontent</subfield>
	</datafield>
	<datafield ind1=" " ind2=" " tag="337">
		<subfield code="a">computer</subfield>
		<subfield code="2">rdamedia</subfield>
	</datafield>
	<datafield ind1=" " ind2=" " tag="338">
		<subfield code="a">online resource</subfield>
		<subfield code="2">rdacarrier</subfield>
	</datafield>
	<datafield ind1=" " ind2=" " tag="500">
		<subfield code="a">Part of the Arabic Collections Online (ACO) project, contributed by Cornell University Libraries.</subfield>
	</datafield>
	<datafield ind1=" " ind2=" " tag="533">
		<subfield code="a">Electronic reproduction.</subfield>
		<subfield code="b">New York, N.Y. :</subfield>
		<subfield code="c">New York University,</subfield>
		<subfield code="d">2015.</subfield>
		<subfield code="5">NNU</subfield>
	</datafield>
	<datafield ind1=" " ind2=" " tag="546">
		<subfield code="a">Preface in English.</subfield>
	</datafield>
	<datafield ind1=" " ind2="0" tag="650">
		<subfield code="a">Arabic poetry.</subfield>
	</datafield>
	<datafield ind1=" " ind2="7" tag="650">
		<subfield code="a">Arabic poetry.</subfield>
		<subfield code="2">fast</subfield>
		<subfield code="0">(OCoLC)fst00812533</subfield>
	</datafield>
	<datafield ind1="1" ind2=" " tag="700">
		<subfield code="6">880-06</subfield>
		<subfield code="a">Ibn al-Anbārī, Muḥammad ibn al-Qāsim,</subfield>
		<subfield code="d">885-940?</subfield>
	</datafield>
	<datafield ind1="2" ind2=" " tag="710">
		<subfield code="a">Cornell University.</subfield>
		<subfield code="b">Libraries.</subfield>
	</datafield>
	<datafield ind1="0" ind2=" " tag="730">
		<subfield code="a">Arabic Collections Online.</subfield>
	</datafield>
	<datafield ind1="0" ind2="8" tag="776">
		<subfield code="i">Online version:</subfield>
		<subfield code="a">Mufaḍḍal ibn Muḥammad al-Ḍabbī, 8th cent.</subfield>
		<subfield code="s">Mufaḍḍalīyāt. 2000.</subfield>
		<subfield code="t">Dīwān al-Mufaḍḍalīyāt.</subfield>
		<subfield code="b">al-Ṭabʻah 1.</subfield>
		<subfield code="d">al-Ẓāhir [Cairo] : Maktabat al-Thaqāfah al-Dīnīyah, 2000</subfield>
		<subfield code="w">(OCoLC)812129660</subfield>
	</datafield>
	<datafield ind1="0" ind2="8" tag="776">
		<subfield code="i">Print version:</subfield>
		<subfield code="a">Mufaḍḍal ibn Muḥammad al-Ḍabbī, active 8th century.</subfield>
		<subfield code="t">Dīwān al-Mufaḍḍalīyāt</subfield>
		<subfield code="w">(NIC)5082236</subfield>
		<subfield code="w">(OCoLC)44271222</subfield>
		<subfield code="z">9775250676</subfield>
		<subfield code="z">9789775250674</subfield>
	</datafield>
	<datafield ind1="4" ind2="0" tag="856">
		<subfield code="u">http://hdl.handle.net/2333.1/cjsxkvvq</subfield>
	</datafield>
	<datafield ind1="0" ind2=" " tag="880">
		<subfield code="6">100-01/r</subfield>
		<subfield code="a">مفضل بن محمد الضبي،</subfield>
		<subfield code="d">active 8th century.</subfield>
	</datafield>
	<datafield ind1="1" ind2="0" tag="880">
		<subfield code="6">240-02/r</subfield>
		<subfield code="a">مفضليات</subfield>
	</datafield>
	<datafield ind1="1" ind2="0" tag="880">
		<subfield code="6">245-03/r</subfield>
		<subfield code="a">ديوان المفضليات :</subfield>
		<subfield code="b">وهي نخبة من قصائد الشعراء المقلين في الجاهلية واوائل الاسلام /</subfield>
		<subfield code="c">اختارها ابو العباس المفضل بن محمد الدبي. مع شرح وافر / لابي محمد القاسم بن محمد بن بشار الانباري.</subfield>
	</datafield>
	<datafield ind1=" " ind2=" " tag="880">
		<subfield code="6">250-04/r</subfield>
		<subfield code="a">الطبعة 1.</subfield>
	</datafield>
	<datafield ind1=" " ind2=" " tag="880">
		<subfield code="6">260-05/r</subfield>
		<subfield code="a">الظاهر [القاهرة] :</subfield>
		<subfield code="b">مكتبة الثقافة الدينية،</subfield>
		<subfield code="c">2000.</subfield>
	</datafield>
	<datafield ind1="1" ind2=" " tag="880">
		<subfield code="6">700-06/r</subfield>
		<subfield code="a">ابن الانباري، محمد بن القاسم،,</subfield>
		<subfield code="d">885-940؟.</subfield>
	</datafield>
	<datafield ind1=" " ind2=" " tag="959">
		<subfield code="a">NNU</subfield>
		<subfield code="b">WEB</subfield>
		<subfield code="c">GENI</subfield>
		<subfield code="t">0</subfield>
		<subfield code="m">Electronic access</subfield>
		<subfield code="s">01</subfield>
	</datafield>
	<datafield ind1=" " ind2=" " tag="999">
		<subfield code="i">NIC_5082236</subfield>
		<subfield code="o">(OCoLC)ocm44271222</subfield>
		<subfield code="s">cornell_aco000181</subfield>
	</datafield>
</record>
